
 </collection>]]>
            </content>
            <additionalAttributes>
                <dateEntered>12-12-2-2010</dateEntered>
                <lastUpdated>12-11-2011</lastUpdated>
                <fastAddFlag>true</fastAddFlag>
                <supressFromPublic>false</supressFromPublic>
                <harvestable>false</harvestable>
                <status>n</status>
            </additionalAttributes>
            <linkedIngestDocuments></linkedIngestDocuments>
        </ingestDocument>
        <ingestDocument id="3" category="work" type="bibliographic" format="marc">
            <content><![CDATA[
<collection xmlns="http://www.loc.gov/MARC21/slim">
<record>
  <leader>01702cam a2200421 a 45 0</leader>
  <controlfield tag="001">592969</controlfield>
  <controlfield tag="003">InU</controlfield>
  <controlfield tag="008">940121m19939999enkae    b    00110 eng d</controlfield>
  <datafield tag="010" ind1=" " ind2=" ">
    <subfield code="a">gb 94040025</subfield>
  </datafield>
  <datafield tag="015" ind1=" " ind2=" ">
    <subfield code="a">GB94-40025</subfield>
  </datafield>
  <datafield tag="020" ind1=" " ind2=" ">
    <subfield code="a">0714839337 (v. 3)</subfield>
  </datafield>
  <datafield tag="020" ind1=" " ind2=" ">
    <subfield code="a">0714828599 (v.2)</subfield>
  </datafield>
  <datafield tag="020" ind1=" " ind2=" ">
    <subfield code="a">0714828092</subfield>
  </datafield>
  <datafield tag="020" ind1=" " ind2=" ">
    <subfield code="a">0714839310 (v. 4)</subfield>
  </datafield>
  <datafield tag="035" ind1=" " ind2=" ">
    <subfield code="a">(InU)AFB7617BB</subfield>
  </datafield>
  <datafield tag="035" ind1=" " ind2=" ">
    <subfield code="a">(OCoLC)ocm29663759</subfield>
  </datafield>
  <datafield tag="040" ind1=" " ind2=" ">
    <subfield code="a">RSD</subfield>
    <subfield code="c">RSD</subfield>
    <subfield code="d">WAU</subfield>
    <subfield code="d">UIU</subfield>
    <subfield code="d">UKM</subfield>
  </datafield>
  <datafield tag="049" ind1=" " ind2=" ">
    <subfield code="a">IULA</subfield>
  </datafield>
  <datafield tag="090" ind1=" " ind2=" ">
    <subfield code="a">NA1123.P47</subfield>
    <subfield code="b">B9 1993</subfield>
  </datafield>
  <datafield tag="092" ind1="0" ind2=" ">
    <subfield code="a">720.945</subfield>
    <subfield code="b">P573b</subfield>
    <subfield code="2">20</subfield>
  </datafield>
  <datafield tag="100" ind1="1" ind2=" ">
    <subfield code="a">Buchanan, Peter.</subfield>
  </datafield>
  <datafield tag="245" ind1="1" ind2="0">
    <subfield code="a">Renzo Piano Building Workshop :</subfield>
    <subfield code="b">complete works /</subfield>
    <subfield code="c">Peter Buchanan.</subfield>
  </datafield>
  <datafield tag="260" ind1=" " ind2=" ">
    <subfield code="a">London :</subfield>
    <subfield code="b">Phaidon Press,</subfield>
    <subfield code="c">c1993-</subfield>
  </datafield>
  <datafield tag="300" ind1=" " ind2=" ">
    <subfield code="a"> v. :</subfield>
    <subfield code="b">ill. (some col.), plans ; ports. ;</subfield>
    <subfield code="c">30 cm.</subfield>
  </datafield>
  <datafield tag="504" ind1=" " ind2=" ">
    <subfield code="a">Includes bibliographical references and indexes.</subfield>
  </datafield>
  <datafield tag="591" ind1=" " ind2=" ">
    <subfield code="a"></subfield>
  </datafield>
  <datafield tag="600" ind1="1" ind2="0">
    <subfield code="a">Piano, Renzo.</subfield>
  </datafield>
  <datafield tag="610" ind1="2" ind2="0">
    <subfield code="a">Renzo Piano Building Workshop.</subfield>
  </datafield>
  <datafield tag="650" ind1=" " ind2="0">
    <subfield code="a">Architecture, Modern</subfield>
    <subfield code="y">20th century.</subfield>
  </datafield>
  <datafield tag="610" ind1="2" ind2="4">
    <subfield code="a">Renzo Piano Building Workshop.</subfield>
  </datafield>
  <datafield tag="653" ind1="0" ind2=" ">
    <subfield code="a">Architecture</subfield>
  </datafield>
  <datafield tag="700" ind1="1" ind2=" ">
    <subfield code="a">Piano, Renzo.</subfield>
  </datafield>
  <datafield tag="998" ind1=" " ind2=" ">
    <subfield code="a">1/31/1995</subfield>
    <subfield code="b">10/15/2000</subfield>
    <subfield code="c">9/11/1995</subfield>
  </datafield>
  <datafield tag="596" ind1=" " ind2=" ">
    <subfield code="a">10</subfield>
  </datafield>
  <datafield tag="999" ind1=" " ind2=" ">
    <subfield code="a">NA1123.P47 B8 1993 v.2</subfield>
    <subfield code="w">LC</subfield>
    <subfield code="c">1</subfield>
    <subfield code="i">30000003295353</subfield>
    <subfield code="d">7/19/2010</subfield>
    <subfield code="e">1/16/2001</subfield>
    <subfield code="l">STACKS</subfield>
    <subfield code="m">B-FINEARTS</subfield>
    <subfield code="n">6</subfield>
    <subfield code="p">$60.00</subfield>
    <subfield code="q">9</subfield>
    <subfield code="r">Y</subfield>
    <subfield code="s">Y</subfield>
    <subfield code="t">DAY14</subfield>
    <subfield code="u">11/6/2000</subfield>
  </datafield>
  <datafield tag="999" ind1=" " ind2=" ">
    <subfield code="a">BBAFB761731</subfield>
    <subfield code="w">LC</subfield>
    <subfield code="c">1</subfield>
    <subfield code="i">592969-4001</subfield>
    <subfield code="k">ON-ORDER</subfield>
    <subfield code="l">STACKS</subfield>
    <subfield code="m">B-FINEARTS</subfield>
    <subfield code="r">Y</subfield>
    <subfield code="s">Y</subfield>
    <subfield code="t">NORMAL</subfield>
    <subfield code="u">12/13/2000</subfield>
  </datafield>
  <datafield tag="999" ind1=" " ind2=" ">
    <subfield code="a">NA1123.P47 B8 1993 v.3</subfield>
    <subfield code="w">LC</subfield>
    <subfield code="c">1</subfield>
    <subfield code="i">30000068213978</subfield>
    <subfield code="d">7/19/2010</subfield>
    <subfield code="l">STACKS</subfield>
    <subfield code="m">B-FINEARTS</subfield>
    <subfield code="p">$29.95</subfield>
    <subfield code="q">10</subfield>
    <subfield code="r">Y</subfield>
    <subfield code="s">Y</subfield>
    <subfield code="t">DAY14</subfield>
    <subfield code="u">3/23/2001</subfield>
    <subfield code="o">.STAFF. 04-10-01 CC004</subfield>
    <subfield code="o">.STAFF. Blackwell  5/01</subfield>
  </datafield>
  <datafield tag="999" ind1=" " ind2=" ">
    <subfield code="a">NA1123.P47 B8 1993 v.4</subfield>
    <subfield code="w">LC</subfield>
    <subfield code="c">1</subfield>
    <subfield code="i">30000068214125</subfield>
    <subfield code="d">12/9/2010</subfield>
    <subfield code="e">11/18/2010</subfield>
    <subfield code="l">STACKS</subfield>
    <subfield code="m">B-FINEARTS</subfield>
    <subfield code="n">8</subfield>
    <subfield code="p">$75.00</subfield>
    <subfield code="q">7</subfield>
    <subfield code="r">Y</subfield>
    <subfield code="s">Y</subfield>
    <subfield code="t">DAY14</subfield>
    <subfield code="u">4/4/2001</subfield>
    <subfield code="o">.STAFF. Blackwell  5/01</subfield>
  </datafield>
</record>