
 </collection>]]>
            </content>
            <additionalAttributes>
                <dateEntered>12-12-2-2010</dateEntered>
                <lastUpdated>12-11-2011</lastUpdated>
                <fastAddFlag>true</fastAddFlag>
                <supressFromPublic>false</supressFromPublic>
                <harvestable>false</harvestable>
                <status>n</status>
            </additionalAttributes>
            <linkedIngestDocuments></linkedIngestDocuments>
        </ingestDocument>
        <ingestDocument id="19" category="work" type="bibliographic" format="marc">
            <content><![CDATA[
<collection xmlns="http://www.loc.gov/MARC21/slim">
<record>
  <leader>02838cam a2200433 a 45 0</leader>
  <controlfield tag="001">593011</controlfield>
  <controlfield tag="003">InU</controlfield>
  <controlfield tag="008">940428m19849999mdua         f000 0 eng d</controlfield>
  <datafield tag="019" ind1=" " ind2=" ">
    <subfield code="a">16911428</subfield>
  </datafield>
  <datafield tag="035" ind1=" " ind2=" ">
    <subfield code="a">(InU)AFB7775BB</subfield>
  </datafield>
  <datafield tag="035" ind1=" " ind2=" ">
    <subfield code="a">(OCoLC)ocm30344429</subfield>
  </datafield>
  <datafield tag="040" ind1=" " ind2=" ">
    <subfield code="a">CUY</subfield>
    <subfield code="c">CUY</subfield>
    <subfield code="d">IUL</subfield>
  </datafield>
  <datafield tag="043" ind1=" " ind2=" ">
    <subfield code="a">n-us---</subfield>
  </datafield>
  <datafield tag="049" ind1=" " ind2=" ">
    <subfield code="a">IULA</subfield>
  </datafield>
  <datafield tag="086" ind1="0" ind2=" ">
    <subfield code="a">NAS 1.15:86129/V.1</subfield>
  </datafield>
  <datafield tag="090" ind1=" " ind2=" ">
    <subfield code="a">G70.4</subfield>
    <subfield code="b">.E37 1984</subfield>
  </datafield>
  <datafield tag="245" ind1="0" ind2="0">
    <subfield code="a">Earth observing system.</subfield>
  </datafield>
  <datafield tag="260" ind1=" " ind2=" ">
    <subfield code="a">Greenbelt, Md. :</subfield>
    <subfield code="b">National Aeronautics and Space Administration, Goddard Space Flight Center,</subfield>
    <subfield code="c">1984-</subfield>
  </datafield>
  <datafield tag="300" ind1=" " ind2=" ">
    <subfield code="a">v. :</subfield>
    <subfield code="b">ill. ;</subfield>
    <subfield code="c">28 cm.</subfield>
  </datafield>
  <datafield tag="490" ind1="1" ind2=" ">
    <subfield code="a">Technical memorandum ;</subfield>
    <subfield code="v">86129</subfield>
  </datafield>
  <datafield tag="505" ind1="1" ind2=" ">
    <subfield code="a">v. 1, pt.1. Science and mission requirements working group report --v. 2. From pattern to process: the strategy of the earth observing system --v. 2a. Data and information system --v. 2c. HIRIS: high-resolution imaging spectrometer: science opportunities for the 1990s --v. 2d. LASA: lidar atmospheric sounder and altimeter --v. 2e. HMMR: High-resolution multifrequency microwave radiometer --v. 2f. SAR: synthetic aperture radar --</subfield>
  </datafield>
  <datafield tag="591" ind1=" " ind2=" ">
    <subfield code="a"></subfield>
  </datafield>
  <datafield tag="650" ind1=" " ind2="0">
    <subfield code="a">Remote sensing</subfield>
    <subfield code="z">United States.</subfield>
  </datafield>
  <datafield tag="710" ind1="2" ind2="0">
    <subfield code="a">Goddard Space Flight Center.</subfield>
  </datafield>
  <datafield tag="830" ind1=" " ind2="0">
    <subfield code="a">NASA technical memorandum.</subfield>
    <subfield code="v">86129.</subfield>
  </datafield>
  <datafield tag="998" ind1=" " ind2=" ">
    <subfield code="a">1/31/1995</subfield>
    <subfield code="b">2/3/1995</subfield>
    <subfield code="c">2/4/1995</subfield>
  </datafield>
  <datafield tag="596" ind1=" " ind2=" ">
    <subfield code="a">1 11</subfield>
  </datafield>
  <datafield tag="999" ind1=" " ind2=" ">
    <subfield code="a">G70.4 .E37 1984 v.2</subfield>
    <subfield code="w">LC</subfield>
    <subfield code="c">1</subfield>
    <subfield code="i">30000045752460</subfield>
    <subfield code="d">3/27/1995</subfield>
    <subfield code="l">STACKS</subfield>
    <subfield code="m">B-GEOLOGY</subfield>
    <subfield code="n">1</subfield>
    <subfield code="r">Y</subfield>
    <subfield code="s">Y</subfield>
    <subfield code="t">NORMAL</subfield>
    <subfield code="u">11/6/2000</subfield>
  </datafield>
  <datafield tag="999" ind1=" " ind2=" ">
    <subfield code="a">G70.4 .E37 1984 v.2a</subfield>
    <subfield code="w">LC</subfield>
    <subfield code="c">1</subfield>
    <subfield code="i">30000045752320</subfield>
    <subfield code="l">STACKS</subfield>
    <subfield code="m">B-GEOLOGY</subfield>
    <subfield code="r">Y</subfield>
    <subfield code="s">Y</subfield>
    <subfield code="t">NORMAL</subfield>
    <subfield code="u">11/6/2000</subfield>
  </datafield>
  <datafield tag="999" ind1=" " ind2=" ">
    <subfield code="a">G70.4 .E37 1984 v.2c</subfield>
    <subfield code="w">LC</subfield>
    <subfield code="c">1</subfield>
    <subfield code="i">30000045752478</subfield>
    <subfield code="l">STACKS</subfield>
    <subfield code="m">B-GEOLOGY</subfield>
    <subfield code="r">Y</subfield>
    <subfield code="s">Y</subfield>
    <subfield code="t">NORMAL</subfield>
    <subfield code="u">11/6/2000</subfield>
  </datafield>
  <datafield tag="999" ind1=" " ind2=" ">
    <subfield code="a">G70.4 .E37 1984 v.2d</subfield>
    <subfield code="w">LC</subfield>
    <subfield code="c">1</subfield>
    <subfield code="i">30000045752247</subfield>
    <subfield code="l">STACKS</subfield>
    <subfield code="m">B-GEOLOGY</subfield>
    <subfield code="r">Y</subfield>
    <subfield code="s">Y</subfield>
    <subfield code="t">NORMAL</subfield>
    <subfield code="u">11/6/2000</subfield>
  </datafield>
  <datafield tag="999" ind1=" " ind2=" ">
    <subfield code="a">G70.4 .E37 1984 v.2e</subfield>
    <subfield code="w">LC</subfield>
    <subfield code="c">1</subfield>
    <subfield code="i">30000045752254</subfield>
    <subfield code="l">STACKS</subfield>
    <subfield code="m">B-GEOLOGY</subfield>
    <subfield code="r">Y</subfield>
    <subfield code="s">Y</subfield>
    <subfield code="t">NORMAL</subfield>
    <subfield code="u">11/6/2000</subfield>
  </datafield>
  <datafield tag="999" ind1=" " ind2=" ">
    <subfield code="a">G70.4 .E37 1984 v.2f</subfield>
    <subfield code="w">LC</subfield>
    <subfield code="c">1</subfield>
    <subfield code="i">30000045752262</subfield>
    <subfield code="d">12/19/1997</subfield>
    <subfield code="l">STACKS</subfield>
    <subfield code="m">B-GEOLOGY</subfield>
    <subfield code="n">1</subfield>
    <subfield code="r">Y</subfield>
    <subfield code="s">Y</subfield>
    <subfield code="t">NORMAL</subfield>
    <subfield code="u">11/6/2000</subfield>
  </datafield>
  <datafield tag="999" ind1=" " ind2=" ">
    <subfield code="a">NAS 1.15:86129/V.1</subfield>
    <subfield code="w">SUDOC</subfield>
    <subfield code="c">1</subfield>
    <subfield code="i">30000115865143</subfield>
    <subfield code="l">_DOCSUS</subfield>
    <subfield code="m">B-WELLS</subfield>
    <subfield code="r">Y</subfield>
    <subfield code="s">Y</subfield>
    <subfield code="t">NORMAL</subfield>
    <subfield code="u">9/13/2007</subfield>
    <subfield code="x">GOVDOCS</subfield>
    <subfield code="o">.STAFF. 09-13-2007;CC035</subfield>
    <subfield code="o">.STAFF. SENT 09-16-2007;OCL;IUL</subfield>
  </datafield>
  <datafield tag="999" ind1=" " ind2=" ">
    <subfield code="a">NAS 1.15:86129/V.1/APP.</subfield>
    <subfield code="w">SUDOC</subfield>
    <subfield code="c">1</subfield>
    <subfield code="i">30000115865135</subfield>
    <subfield code="l">_DOCSUS</subfield>
    <subfield code="m">B-WELLS</subfield>
    <subfield code="r">Y</subfield>
    <subfield code="s">Y</subfield>
    <subfield code="t">NORMAL</subfield>
    <subfield code="u">9/13/2007</subfield>
    <subfield code="x">GOVDOCS</subfield>
    <subfield code="o">.STAFF. 09-13-2007;CC035</subfield>
    <subfield code="o">.STAFF. </subfield>
  </datafield>
  <datafield tag="999" ind1=" " ind2=" ">
    <subfield code="a">NAS 1.15:89213</subfield>
    <subfield code="w">SUDOC</subfield>
    <subfield code="c">1</subfield>
    <subfield code="i">30000115865127</subfield>
    <subfield code="l">_DOCSUS</subfield>
    <subfield code="m">B-WELLS</subfield>
    <subfield code="r">Y</subfield>
    <subfield code="s">Y</subfield>
    <subfield code="t">NORMAL</subfield>
    <subfield code="u">9/13/2007</subfield>
    <subfield code="x">GOVDOCS</subfield>
    <subfield code="o">.STAFF. 09-13-2007;CC035</subfield>
    <subfield code="o">.STAFF. </subfield>
  </datafield>
  <datafield tag="999" ind1=" " ind2=" ">
    <subfield code="a">NAS 1.15:89625</subfield>
    <subfield code="w">SUDOC</subfield>
    <subfield code="c">1</subfield>
    <subfield code="i">30000115865119</subfield>
    <subfield code="l">_DOCSUS</subfield>
    <subfield code="m">B-WELLS</subfield>
    <subfield code="r">Y</subfield>
    <subfield code="s">Y</subfield>
    <subfield code="t">NORMAL</subfield>
    <subfield code="u">9/13/2007</subfield>
    <subfield code="x">GOVDOCS</subfield>
    <subfield code="o">.STAFF. 09-13-2007;CC035</subfield>
    <subfield code="o">.STAFF. </subfield>
  </datafield>
  <datafield tag="999" ind1=" " ind2=" ">
    <subfield code="a">NAS 1.15:87777</subfield>
    <subfield code="w">SUDOC</subfield>
    <subfield code="c">1</subfield>
    <subfield code="i">30000109890909</subfield>
    <subfield code="l">_DOCSMFIC</subfield>
    <subfield code="m">B-WELLS</subfield>
    <subfield code="r">Y</subfield>
    <subfield code="s">Y</subfield>
    <subfield code="t">NORMAL</subfield>
    <subfield code="u">11/16/2006</subfield>
    <subfield code="x">GOVDOCS</subfield>
    <subfield code="o">.STAFF. 11-16-2006;CC022</subfield>
    <subfield code="o">.STAFF. SENT 11-19-2006;OCL;IUL</subfield>
  </datafield>
  <datafield tag="999" ind1=" " ind2=" ">
    <subfield code="a">NAS 1.15:87777</subfield>
    <subfield code="w">SUDOC</subfield>
    <subfield code="c">2</subfield>
    <subfield code="i">30000126544505</subfield>
    <subfield code="l">_DOCSUS</subfield>
    <subfield code="m">B-WELLS</subfield>
    <subfield code="r">Y</subfield>
    <subfield code="s">Y</subfield>
    <subfield code="t">NORMAL</subfield>
    <subfield code="u">9/17/2009</subfield>
    <subfield code="x">GOVDOCS</subfield>
    <subfield code="o">.STAFF. 09-17-2009;CC035</subfield>
  </datafield>
</record>