
 </collection>]]>
            </content>
            <additionalAttributes>
                <dateEntered>12-12-2-2010</dateEntered>
                <lastUpdated>12-11-2011</lastUpdated>
                <fastAddFlag>true</fastAddFlag>
                <supressFromPublic>false</supressFromPublic>
                <harvestable>false</harvestable>
                <status>n</status>
            </additionalAttributes>
            <linkedIngestDocuments></linkedIngestDocuments>
        </ingestDocument>
        <ingestDocument id="23" category="work" type="bibliographic" format="marc">
            <content><![CDATA[
<collection xmlns="http://www.loc.gov/MARC21/slim">
<record>
  <leader>01167cam a2200277 a 45 0</leader>
  <controlfield tag="001">593018</controlfield>
  <controlfield tag="003">InU</controlfield>
  <controlfield tag="008">911016s1990    ru       c    00000 rusod</controlfield>
  <datafield tag="035" ind1=" " ind2=" ">
    <subfield code="a">(InU)AFB7797BB</subfield>
  </datafield>
  <datafield tag="035" ind1=" " ind2=" ">
    <subfield code="a">(OCoLC)ocm30558567</subfield>
  </datafield>
  <datafield tag="040" ind1=" " ind2=" ">
    <subfield code="a">HLS</subfield>
    <subfield code="c">HLS</subfield>
  </datafield>
  <datafield tag="043" ind1=" " ind2=" ">
    <subfield code="a">e-urp--</subfield>
    <subfield code="a">e-uru--</subfield>
  </datafield>
  <datafield tag="049" ind1=" " ind2=" ">
    <subfield code="a">IULA</subfield>
  </datafield>
  <datafield tag="245" ind1="0" ind2="0">
    <subfield code="a">Narody Srednego Povolzhʹi͡a i Priuralʹi͡a :</subfield>
    <subfield code="b">katalog-ukazatelʹ ėtnograficheskikh kollekt͡siĭ/</subfield>
    <subfield code="c">[L.L. Dobracheva ... [et al.]</subfield>
  </datafield>
  <datafield tag="260" ind1=" " ind2=" ">
    <subfield code="a">Leningrad :</subfield>
    <subfield code="b">Gos. muzeĭ ėtnografii narodov SSSR,</subfield>
    <subfield code="c">1990.</subfield>
  </datafield>
  <datafield tag="300" ind1=" " ind2=" ">
    <subfield code="a">2 v.</subfield>
  </datafield>
  <datafield tag="505" ind1="0" ind2=" ">
    <subfield code="a">ch. 1. Finno-ugorskie narody. -- ch. 2. Ti͡urkoi͡azychnye narody.</subfield>
  </datafield>
  <datafield tag="591" ind1=" " ind2=" ">
    <subfield code="a"></subfield>
  </datafield>
  <datafield tag="610" ind1="2" ind2="0">
    <subfield code="a">Gosudarstvennyĭ muzeĭ ėtnografii narodov SSSR</subfield>
    <subfield code="x">Catalogs.</subfield>
  </datafield>
  <datafield tag="650" ind1=" " ind2="0">
    <subfield code="a">Ethnology</subfield>
    <subfield code="z">Russia (Federation)</subfield>
    <subfield code="z">Volga River Valley</subfield>
    <subfield code="x">Catalogs.</subfield>
  </datafield>
  <datafield tag="650" ind1=" " ind2="0">
    <subfield code="a">Ethnology</subfield>
    <subfield code="z">Russia (Federation)</subfield>
    <subfield code="z">Ural Mountains Region</subfield>
    <subfield code="x">Catalogs.</subfield>
  </datafield>
  <datafield tag="700" ind1="1" ind2=" ">
    <subfield code="a">Dobracheva, L. L.</subfield>
  </datafield>
  <datafield tag="998" ind1=" " ind2=" ">
    <subfield code="a">1/31/1995</subfield>
    <subfield code="b">4/10/1995</subfield>
    <subfield code="c">4/10/1995</subfield>
  </datafield>
  <datafield tag="596" ind1=" " ind2=" ">
    <subfield code="a">5</subfield>
  </datafield>
  <datafield tag="999" ind1=" " ind2=" ">
    <subfield code="a">DK511.V65 N32 1990 v.1</subfield>
    <subfield code="w">LC</subfield>
    <subfield code="c">1</subfield>
    <subfield code="i">30000119080343</subfield>
    <subfield code="d">5/19/1995</subfield>
    <subfield code="l">_ALF</subfield>
    <subfield code="m">B-ALF</subfield>
    <subfield code="n">1</subfield>
    <subfield code="r">Y</subfield>
    <subfield code="s">Y</subfield>
    <subfield code="t">NORMAL</subfield>
    <subfield code="u">11/6/2000</subfield>
  </datafield>
  <datafield tag="999" ind1=" " ind2=" ">
    <subfield code="a">DK511.V65 N32 1990 v.2</subfield>
    <subfield code="w">LC</subfield>
    <subfield code="c">1</subfield>
    <subfield code="i">30000088775147</subfield>
    <subfield code="d">4/24/1995</subfield>
    <subfield code="l">_ALF</subfield>
    <subfield code="m">B-ALF</subfield>
    <subfield code="q">1</subfield>
    <subfield code="r">Y</subfield>
    <subfield code="s">Y</subfield>
    <subfield code="t">NORMAL</subfield>
    <subfield code="u">11/6/2000</subfield>
  </datafield>
</record>