
 </collection>]]>
            </content>
            <additionalAttributes>
                <dateEntered>12-12-2-2010</dateEntered>
                <lastUpdated>12-11-2011</lastUpdated>
                <fastAddFlag>true</fastAddFlag>
                <supressFromPublic>false</supressFromPublic>
                <harvestable>false</harvestable>
                <status>n</status>
            </additionalAttributes>
            <linkedIngestDocuments></linkedIngestDocuments>
        </ingestDocument>
        <ingestDocument id="31" category="work" type="bibliographic" format="marc">
            <content><![CDATA[
<collection xmlns="http://www.loc.gov/MARC21/slim">
<record>
  <leader>01336nam a2200265   4500</leader>
  <controlfield tag="001">5930330</controlfield>
  <controlfield tag="003">InU</controlfield>
  <controlfield tag="006">m    |   j |      </controlfield>
  <controlfield tag="007">cr||n||||||||n</controlfield>
  <controlfield tag="008">791208s1769    enk     s     00    eng d</controlfield>
  <datafield tag="040" ind1=" " ind2=" ">
    <subfield code="a">Uk-ES</subfield>
    <subfield code="c">Uk-ES</subfield>
    <subfield code="d">CStRLIN</subfield>
    <subfield code="d">Thomson Gale</subfield>
  </datafield>
  <datafield tag="100" ind1="1" ind2=" ">
    <subfield code="a">Keate, George,</subfield>
    <subfield code="d">1729-1797.</subfield>
  </datafield>
  <datafield tag="240" ind1="1" ind2="0">
    <subfield code="a">Ruins of Netley Abbey</subfield>
  </datafield>
  <datafield tag="245" ind1="1" ind2="0">
    <subfield code="a">Netley Abbey. An elegy. By George Keate, Esq</subfield>
    <subfield code="h">[electronic resource];</subfield>
  </datafield>
  <datafield tag="250" ind1=" " ind2=" ">
    <subfield code="a">The second edition, corrected and enlarged.</subfield>
  </datafield>
  <datafield tag="260" ind1=" " ind2=" ">
    <subfield code="a">London :</subfield>
    <subfield code="b">printed for J. Dodsley,</subfield>
    <subfield code="c">1769.</subfield>
  </datafield>
  <datafield tag="300" ind1=" " ind2=" ">
    <subfield code="a">31,[1]p. ;</subfield>
    <subfield code="c">4⁰.</subfield>
  </datafield>
  <datafield tag="500" ind1=" " ind2=" ">
    <subfield code="a">With a half-title.</subfield>
  </datafield>
  <datafield tag="500" ind1=" " ind2=" ">
    <subfield code="a">Reproduction of original from the British Library.</subfield>
  </datafield>
  <datafield tag="510" ind1="4" ind2=" ">
    <subfield code="a">English Short Title Catalog,</subfield>
    <subfield code="c">ESTCT75210.</subfield>
  </datafield>
  <datafield tag="533" ind1=" " ind2=" ">
    <subfield code="a">Electronic reproduction.</subfield>
    <subfield code="b">Farmington Hills, Mich. :</subfield>
    <subfield code="c">Thomson Gale,</subfield>
    <subfield code="d">2003.</subfield>
    <subfield code="n">Available via the World Wide Web.</subfield>
    <subfield code="n">Access limited by licensing agreements</subfield>
    <subfield code="f">(Eighteenth century collections online)</subfield>
    <subfield code="7">s2003    miunns</subfield>
  </datafield>
  <datafield tag="830" ind1=" " ind2="0">
    <subfield code="a">Eighteenth century collections online</subfield>
  </datafield>
  <datafield tag="856" ind1="4" ind2="0">
    <subfield code="u">http://galenet.galegroup.com/servlet/ECCO?c=1&amp;stp=Author&amp;ste=11&amp;af=BN&amp;ae=T075210&amp;tiPG=1&amp;dd=0&amp;dc=flc&amp;docNum=CW114187792&amp;vrsn=1.0&amp;srchtp=a&amp;d4=0.33&amp;n=10&amp;SU=0LRK&amp;locID=iuclassb</subfield>
    <subfield code="z">Available on campus and off-campus with authorized logon</subfield>
  </datafield>
  <datafield tag="596" ind1=" " ind2=" ">
    <subfield code="a">4</subfield>
  </datafield>
  <datafield tag="999" ind1=" " ind2=" ">
    <subfield code="a">XX(5930330.1)</subfield>
    <subfield code="w">AUTO</subfield>
    <subfield code="c">1</subfield>
    <subfield code="i">5930330-1001</subfield>
    <subfield code="l">WWW</subfield>
    <subfield code="m">ONLINE</subfield>
    <subfield code="r">Y</subfield>
    <subfield code="s">Y</subfield>
    <subfield code="t">NONCIRC</subfield>
    <subfield code="u">8/30/2004</subfield>
  </datafield>
</record>