
 </collection>]]>
            </content>
            <additionalAttributes>
                <dateEntered>12-12-2-2010</dateEntered>
                <lastUpdated>12-11-2011</lastUpdated>
                <fastAddFlag>true</fastAddFlag>
                <supressFromPublic>false</supressFromPublic>
                <harvestable>false</harvestable>
                <status>n</status>
            </additionalAttributes>
            <linkedIngestDocuments></linkedIngestDocuments>
        </ingestDocument>
        <ingestDocument id="51" category="work" type="bibliographic" format="marc">
            <content><![CDATA[
<collection xmlns="http://www.loc.gov/MARC21/slim">
<record>
  <leader>01597cam a2200253   4500</leader>
  <controlfield tag="001">5930604</controlfield>
  <controlfield tag="003">InU</controlfield>
  <controlfield tag="006">m    |   j |      </controlfield>
  <controlfield tag="007">cr||n||||||||n</controlfield>
  <controlfield tag="008">791208s1718    enk     s     00    eng d</controlfield>
  <datafield tag="040" ind1=" " ind2=" ">
    <subfield code="a">Uk-ES</subfield>
    <subfield code="c">Uk-ES</subfield>
    <subfield code="d">CStRLIN</subfield>
    <subfield code="d">Thomson Gale</subfield>
  </datafield>
  <datafield tag="100" ind1="1" ind2=" ">
    <subfield code="a">Fiddes, Richard,</subfield>
    <subfield code="d">1671-1725.</subfield>
  </datafield>
  <datafield tag="245" ind1="1" ind2="2">
    <subfield code="a">A preparative to the Lord's Supper</subfield>
    <subfield code="h">[electronic resource].</subfield>
    <subfield code="b">Or, a discourse, wherein the nature of this Holy Sacrament, ... To which is added, an appendix, with meditations and prayers form'd on the principal parts of the discourse; ... By R. Fiddes, ...</subfield>
  </datafield>
  <datafield tag="250" ind1=" " ind2=" ">
    <subfield code="a">The second edition. With some enlargements both in the body of the book, and in the forms of devotion.</subfield>
  </datafield>
  <datafield tag="260" ind1=" " ind2=" ">
    <subfield code="a">London :</subfield>
    <subfield code="b">printed for Bernard Lintott,</subfield>
    <subfield code="c">1718.</subfield>
  </datafield>
  <datafield tag="300" ind1=" " ind2=" ">
    <subfield code="a">[12],110,93-150p. ;</subfield>
    <subfield code="c">12⁰.</subfield>
  </datafield>
  <datafield tag="500" ind1=" " ind2=" ">
    <subfield code="a">The second pp. 93-110 (sigs. **6***3) are an insertion.</subfield>
  </datafield>
  <datafield tag="500" ind1=" " ind2=" ">
    <subfield code="a">Reproduction of original from the British Library.</subfield>
  </datafield>
  <datafield tag="510" ind1="4" ind2=" ">
    <subfield code="a">English Short Title Catalog,</subfield>
    <subfield code="c">ESTCT75692.</subfield>
  </datafield>
  <datafield tag="533" ind1=" " ind2=" ">
    <subfield code="a">Electronic reproduction.</subfield>
    <subfield code="b">Farmington Hills, Mich. :</subfield>
    <subfield code="c">Thomson Gale,</subfield>
    <subfield code="d">2003.</subfield>
    <subfield code="n">Available via the World Wide Web.</subfield>
    <subfield code="n">Access limited by licensing agreements</subfield>
    <subfield code="f">(Eighteenth century collections online)</subfield>
    <subfield code="7">s2003    miunns</subfield>
  </datafield>
  <datafield tag="830" ind1=" " ind2="0">
    <subfield code="a">Eighteenth century collections online</subfield>
  </datafield>
  <datafield tag="856" ind1="4" ind2="0">
    <subfield code="u">http://galenet.galegroup.com/servlet/ECCO?c=1&amp;stp=Author&amp;ste=11&amp;af=BN&amp;ae=T075692&amp;tiPG=1&amp;dd=0&amp;dc=flc&amp;docNum=CW119180314&amp;vrsn=1.0&amp;srchtp=a&amp;d4=0.33&amp;n=10&amp;SU=0LRF&amp;locID=iuclassb</subfield>
    <subfield code="z">Available on campus and off-campus with authorized logon</subfield>
  </datafield>
  <datafield tag="596" ind1=" " ind2=" ">
    <subfield code="a">4</subfield>
  </datafield>
  <datafield tag="999" ind1=" " ind2=" ">
    <subfield code="a">XX(5930604.1)</subfield>
    <subfield code="w">AUTO</subfield>
    <subfield code="c">1</subfield>
    <subfield code="i">5930604-1001</subfield>
    <subfield code="l">WWW</subfield>
    <subfield code="m">ONLINE</subfield>
    <subfield code="r">Y</subfield>
    <subfield code="s">Y</subfield>
    <subfield code="t">NONCIRC</subfield>
    <subfield code="u">8/30/2004</subfield>
  </datafield>
</record>