
 </collection>]]>
            </content>
            <additionalAttributes>
                <dateEntered>12-12-2-2010</dateEntered>
                <lastUpdated>12-11-2011</lastUpdated>
                <fastAddFlag>true</fastAddFlag>
                <supressFromPublic>false</supressFromPublic>
                <harvestable>false</harvestable>
                <status>n</status>
            </additionalAttributes>
            <linkedIngestDocuments></linkedIngestDocuments>
        </ingestDocument>
        <ingestDocument id="62" category="work" type="bibliographic" format="marc">
            <content><![CDATA[
<collection xmlns="http://www.loc.gov/MARC21/slim">
<record>
  <leader>01852nas a2200385 a 45 0</leader>
  <controlfield tag="001">593074</controlfield>
  <controlfield tag="003">InU</controlfield>
  <controlfield tag="008">970918d18451850inuar    l   s0    0eng d</controlfield>
  <datafield tag="010" ind1=" " ind2=" ">
    <subfield code="a">sc 83003020</subfield>
  </datafield>
  <datafield tag="012" ind1=" " ind2=" ">
    <subfield code="a">2</subfield>
    <subfield code="b">3</subfield>
  </datafield>
  <datafield tag="035" ind1=" " ind2=" ">
    <subfield code="a">(InU)AFB7942BY</subfield>
  </datafield>
  <datafield tag="035" ind1=" " ind2=" ">
    <subfield code="a">(OCoLC)ocm08732737</subfield>
  </datafield>
  <datafield tag="040" ind1=" " ind2=" ">
    <subfield code="a">IUL</subfield>
    <subfield code="c">IUL</subfield>
    <subfield code="d">DLC</subfield>
    <subfield code="d">IUL</subfield>
  </datafield>
  <datafield tag="042" ind1=" " ind2=" ">
    <subfield code="a">lc</subfield>
  </datafield>
  <datafield tag="043" ind1=" " ind2=" ">
    <subfield code="a">n-us-in</subfield>
  </datafield>
  <datafield tag="050" ind1=" " ind2="4">
    <subfield code="a">KFI3025</subfield>
    <subfield code="b">.A23</subfield>
  </datafield>
  <datafield tag="110" ind1="1" ind2=" ">
    <subfield code="a">Indiana.</subfield>
  </datafield>
  <datafield tag="240" ind1="1" ind2="0">
    <subfield code="a">Laws, etc.</subfield>
  </datafield>
  <datafield tag="245" ind1="1" ind2="0">
    <subfield code="a">Local laws of the State of Indiana, passed at the ... session of the General Assembly.</subfield>
  </datafield>
  <datafield tag="260" ind1=" " ind2=" ">
    <subfield code="a">Indianapolis :</subfield>
    <subfield code="b">J.P. Chapman,</subfield>
    <subfield code="c">1846-1851.</subfield>
  </datafield>
  <datafield tag="300" ind1=" " ind2=" ">
    <subfield code="a">6 v. ;</subfield>
    <subfield code="c">22 cm.</subfield>
  </datafield>
  <datafield tag="310" ind1=" " ind2=" ">
    <subfield code="a">Annual</subfield>
  </datafield>
  <datafield tag="362" ind1="0" ind2=" ">
    <subfield code="a">30th (1845)-35th (1850).</subfield>
  </datafield>
  <datafield tag="580" ind1=" " ind2=" ">
    <subfield code="a">Merged with: Indiana. Laws, etc. General laws of the State of Indiana, passed at the ... session of the General Assembly, to form: Indiana. Laws, etc. Special and local acts of the State of Indiana, passed at the ... session of the General Assembly.</subfield>
  </datafield>
  <datafield tag="591" ind1=" " ind2=" ">
    <subfield code="a"></subfield>
  </datafield>
  <datafield tag="650" ind1=" " ind2="0">
    <subfield code="a">Session laws</subfield>
    <subfield code="z">Indiana.</subfield>
  </datafield>
  <datafield tag="710" ind1="1" ind2=" ">
    <subfield code="a">Indiana.</subfield>
    <subfield code="b">General Assembly.</subfield>
  </datafield>
  <datafield tag="780" ind1="0" ind2="0">
    <subfield code="a">Indiana.</subfield>
    <subfield code="s">Laws, etc.</subfield>
    <subfield code="t">Laws of a local nature, passed and published at the ... session of the General Assembly of the State of Indiana</subfield>
    <subfield code="w">(DLC)sf 82007098</subfield>
    <subfield code="w">(OCoLC)8732567</subfield>
  </datafield>
  <datafield tag="785" ind1="1" ind2="7">
    <subfield code="a">Indiana.</subfield>
    <subfield code="s">Laws, etc.</subfield>
    <subfield code="t">General laws of the State of Indiana, passed at the ... session of the General Assembly</subfield>
    <subfield code="w">(DLC)sf 82007097</subfield>
    <subfield code="w">(OCoLC)8732831</subfield>
  </datafield>
  <datafield tag="785" ind1="1" ind2="7">
    <subfield code="a">Indiana.</subfield>
    <subfield code="s">Laws, etc.</subfield>
    <subfield code="t">Special and local acts of the State of Indiana, passed at the ... session of the General Assembly</subfield>
    <subfield code="w">(DLC)sf 82007096</subfield>
    <subfield code="w">(OCoLC)8732895</subfield>
  </datafield>
  <datafield tag="850" ind1=" " ind2=" ">
    <subfield code="a">InU</subfield>
  </datafield>
  <datafield tag="998" ind1=" " ind2=" ">
    <subfield code="a">1/31/1995</subfield>
    <subfield code="b">9/18/1997</subfield>
    <subfield code="c">1/31/1995</subfield>
  </datafield>
  <datafield tag="596" ind1=" " ind2=" ">
    <subfield code="a">19</subfield>
  </datafield>
  <datafield tag="999" ind1=" " ind2=" ">
    <subfield code="a">KFI3025 .A5 32nd/1847</subfield>
    <subfield code="w">LC</subfield>
    <subfield code="c">1</subfield>
    <subfield code="i">32000004019818</subfield>
    <subfield code="d">2/16/1996</subfield>
    <subfield code="l">_LILLSTKS</subfield>
    <subfield code="m">B-LILLY</subfield>
    <subfield code="n">1</subfield>
    <subfield code="r">Y</subfield>
    <subfield code="s">Y</subfield>
    <subfield code="t">NORMAL</subfield>
    <subfield code="u">11/6/2000</subfield>
  </datafield>
  <datafield tag="999" ind1=" " ind2=" ">
    <subfield code="a">KFI3025 .A5 34th/1849</subfield>
    <subfield code="w">LC</subfield>
    <subfield code="c">1</subfield>
    <subfield code="i">32000004020048</subfield>
    <subfield code="d">2/16/1996</subfield>
    <subfield code="l">_LILLSTKS</subfield>
    <subfield code="m">B-LILLY</subfield>
    <subfield code="n">1</subfield>
    <subfield code="r">Y</subfield>
    <subfield code="s">Y</subfield>
    <subfield code="t">NORMAL</subfield>
    <subfield code="u">11/6/2000</subfield>
  </datafield>
</record>