
 </collection>]]>
            </content>
            <additionalAttributes>
                <dateEntered>12-12-2-2010</dateEntered>
                <lastUpdated>12-11-2011</lastUpdated>
                <fastAddFlag>true</fastAddFlag>
                <supressFromPublic>false</supressFromPublic>
                <harvestable>false</harvestable>
                <status>n</status>
            </additionalAttributes>
            <linkedIngestDocuments></linkedIngestDocuments>
        </ingestDocument>
        <ingestDocument id="65" category="work" type="bibliographic" format="marc">
            <content><![CDATA[
<collection xmlns="http://www.loc.gov/MARC21/slim">
<record>
  <leader>01530cjm a2200361 a 45 0</leader>
  <controlfield tag="001">593079</controlfield>
  <controlfield tag="003">InU</controlfield>
  <controlfield tag="008">950131s1947    njumcn              eng d</controlfield>
  <datafield tag="028" ind1="0" ind2="1">
    <subfield code="a">20-2617</subfield>
    <subfield code="b">Victor</subfield>
  </datafield>
  <datafield tag="035" ind1=" " ind2=" ">
    <subfield code="a">(InU)AFB7983BT</subfield>
  </datafield>
  <datafield tag="035" ind1=" " ind2=" ">
    <subfield code="a">(OCoLC)ocm31912202</subfield>
  </datafield>
  <controlfield tag="007">sd?dmsdnn????e</controlfield>
  <datafield tag="040" ind1=" " ind2=" ">
    <subfield code="a">IJZ</subfield>
    <subfield code="c">IJZ</subfield>
  </datafield>
  <datafield tag="043" ind1=" " ind2=" ">
    <subfield code="a">n-us---</subfield>
  </datafield>
  <datafield tag="049" ind1=" " ind2=" ">
    <subfield code="a">IJZA</subfield>
  </datafield>
  <datafield tag="099" ind1=" " ind2=" ">
    <subfield code="a">77-149.1556-C</subfield>
    <subfield code="a">ATL</subfield>
  </datafield>
  <datafield tag="100" ind1="1" ind2=" ">
    <subfield code="a">Martin, Freddy,</subfield>
    <subfield code="d">1907-</subfield>
    <subfield code="4">prf</subfield>
  </datafield>
  <datafield tag="245" ind1="1" ind2="4">
    <subfield code="a">The dickey-bird song</subfield>
    <subfield code="h">[sound recording] :</subfield>
    <subfield code="b">from the M-G-M film "Three daring daughters" /</subfield>
    <subfield code="c">Howard Dietz, Sammy Fain ; [performed by] Freddy Martin and his orchestra. If winter comes : from the M-G-M film "If winter comes" / Kim Cannon [i.e. Gannon], Imogen Carpenter ; [performed by] Freddy Martin and his orchestra.</subfield>
  </datafield>
  <datafield tag="260" ind1=" " ind2=" ">
    <subfield code="a">Camden, N.J. :</subfield>
    <subfield code="b">Victor,</subfield>
    <subfield code="c">[1947]</subfield>
  </datafield>
  <datafield tag="300" ind1=" " ind2=" ">
    <subfield code="a">1 sound disc :</subfield>
    <subfield code="b">analog, 78 rpm, mono. ;</subfield>
    <subfield code="c">10 in.</subfield>
  </datafield>
  <datafield tag="590" ind1=" " ind2=" ">
    <subfield code="a">10-11547</subfield>
  </datafield>
  <datafield tag="511" ind1="0" ind2=" ">
    <subfield code="a">Glenn Hughes (side A), The Martin Men (side A), Clyde Rogers (side B), vocals ; Freddy Martin and his orchestra.</subfield>
  </datafield>
  <datafield tag="650" ind1=" " ind2="0">
    <subfield code="a">Dance orchestra music.</subfield>
  </datafield>
  <datafield tag="650" ind1=" " ind2="0">
    <subfield code="a">Motion picture music</subfield>
    <subfield code="x">Excerpts.</subfield>
  </datafield>
  <datafield tag="650" ind1=" " ind2="4">
    <subfield code="a">Ralph Bowlby Collection.</subfield>
  </datafield>
  <datafield tag="700" ind1="1" ind2="0">
    <subfield code="a">Hughes, Glenn.</subfield>
    <subfield code="4">voc</subfield>
  </datafield>
  <datafield tag="700" ind1="1" ind2="0">
    <subfield code="a">Rogers, Clyde.</subfield>
    <subfield code="4">voc</subfield>
  </datafield>
  <datafield tag="710" ind1="2" ind2="0">
    <subfield code="a">Martin Men (Musical group)</subfield>
    <subfield code="4">voc</subfield>
  </datafield>
  <datafield tag="740" ind1="0" ind2="1">
    <subfield code="a">Three daring daughters.</subfield>
  </datafield>
  <datafield tag="740" ind1="0" ind2="1">
    <subfield code="a">If winter comes.</subfield>
  </datafield>
  <datafield tag="998" ind1=" " ind2=" ">
    <subfield code="a">1/31/1995</subfield>
    <subfield code="b">10/8/1998</subfield>
    <subfield code="c">1/31/1995</subfield>
  </datafield>
  <datafield tag="596" ind1=" " ind2=" ">
    <subfield code="a">14</subfield>
  </datafield>
  <datafield tag="999" ind1=" " ind2=" ">
    <subfield code="a">77-149.1556-C ATL</subfield>
    <subfield code="w">ALPHANUM</subfield>
    <subfield code="c">1</subfield>
    <subfield code="i">30000026149132</subfield>
    <subfield code="l">STACKS</subfield>
    <subfield code="m">B-ATM</subfield>
    <subfield code="r">Y</subfield>
    <subfield code="s">Y</subfield>
    <subfield code="t">NORMAL</subfield>
    <subfield code="u">11/6/2000</subfield>
    <subfield code="o">.STAFF.  um=No listening copy currently available.</subfield>
  </datafield>
</record>