
 </collection>]]>
            </content>
            <additionalAttributes>
                <dateEntered>12-12-2-2010</dateEntered>
                <lastUpdated>12-11-2011</lastUpdated>
                <fastAddFlag>true</fastAddFlag>
                <supressFromPublic>false</supressFromPublic>
                <harvestable>false</harvestable>
                <status>n</status>
            </additionalAttributes>
            <linkedIngestDocuments></linkedIngestDocuments>
        </ingestDocument>
        <ingestDocument id="67" category="work" type="bibliographic" format="marc">
            <content><![CDATA[
<collection xmlns="http://www.loc.gov/MARC21/slim">
<record>
  <leader>01446cjm a2200373 a 45 0</leader>
  <controlfield tag="001">593081</controlfield>
  <controlfield tag="003">InU</controlfield>
  <controlfield tag="007">sd?fungnn???e?</controlfield>
  <controlfield tag="008">950124s1992    enkmun              N/A d</controlfield>
  <datafield tag="028" ind1="0" ind2="1">
    <subfield code="a">OCD 552</subfield>
    <subfield code="b">Olympia</subfield>
  </datafield>
  <datafield tag="035" ind1=" " ind2=" ">
    <subfield code="a">(InU)AFB7988SB</subfield>
  </datafield>
  <datafield tag="035" ind1=" " ind2=" ">
    <subfield code="a">(OCoLC)ocm31876753</subfield>
  </datafield>
  <datafield tag="040" ind1=" " ind2=" ">
    <subfield code="a">IXA</subfield>
    <subfield code="c">IXA</subfield>
  </datafield>
  <datafield tag="047" ind1=" " ind2=" ">
    <subfield code="a">sy</subfield>
    <subfield code="a">df</subfield>
    <subfield code="a">bt</subfield>
  </datafield>
  <datafield tag="049" ind1=" " ind2=" ">
    <subfield code="a">IULA</subfield>
  </datafield>
  <datafield tag="100" ind1="1" ind2=" ">
    <subfield code="a">Hlebaŭ, I͡Aŭhen Ali͡aksandravich,</subfield>
    <subfield code="d">1929-</subfield>
  </datafield>
  <datafield tag="240" ind1="1" ind2="0">
    <subfield code="a">Symphonies,</subfield>
    <subfield code="n">no. 5</subfield>
  </datafield>
  <datafield tag="245" ind1="0" ind2="0">
    <subfield code="a">Symphony no. 5</subfield>
    <subfield code="h">[sound recording ;</subfield>
    <subfield code="b">Five fantastic dances ; "Little prince" : ballet suite /</subfield>
    <subfield code="c">Yevgeni Glebov.</subfield>
  </datafield>
  <datafield tag="260" ind1=" " ind2=" ">
    <subfield code="a">London :</subfield>
    <subfield code="b">Olympia,</subfield>
    <subfield code="c">p1992.</subfield>
  </datafield>
  <datafield tag="300" ind1=" " ind2=" ">
    <subfield code="a">1 sound disc :</subfield>
    <subfield code="b">digital, stereo. ;</subfield>
    <subfield code="c">4 3/4 in.</subfield>
  </datafield>
  <datafield tag="440" ind1=" " ind2="0">
    <subfield code="a">Belorussian series ;</subfield>
    <subfield code="v">v. 2</subfield>
  </datafield>
  <datafield tag="511" ind1="0" ind2=" ">
    <subfield code="a">Belorussian State TV and Radio Orchestra ; Boris Raisky, conductor.</subfield>
  </datafield>
  <datafield tag="500" ind1=" " ind2=" ">
    <subfield code="a">Durations: 19:15; 12:31; 27:16.</subfield>
  </datafield>
  <datafield tag="500" ind1=" " ind2=" ">
    <subfield code="a">Compact disc.</subfield>
  </datafield>
  <datafield tag="650" ind1=" " ind2="0">
    <subfield code="a">Symphonies.</subfield>
  </datafield>
  <datafield tag="650" ind1=" " ind2="0">
    <subfield code="a">Orchestral music.</subfield>
  </datafield>
  <datafield tag="650" ind1=" " ind2="0">
    <subfield code="a">Ballets</subfield>
    <subfield code="x">Excerpts.</subfield>
  </datafield>
  <datafield tag="700" ind1="1" ind2="0">
    <subfield code="a">Raĭskiĭ, Boris.</subfield>
    <subfield code="4">cnd</subfield>
  </datafield>
  <datafield tag="700" ind1="1" ind2="2">
    <subfield code="a">Hlebaŭ, I͡Aŭhen Ali͡aksandravich,</subfield>
    <subfield code="d">1929-</subfield>
    <subfield code="t">Fantastychnyi͡a tants.</subfield>
  </datafield>
  <datafield tag="700" ind1="1" ind2="2">
    <subfield code="a">Hlebaŭ, I͡Aŭhen Ali͡aksandravich,</subfield>
    <subfield code="d">1929-</subfield>
    <subfield code="t">Malenʹkiĭ print͡s.</subfield>
    <subfield code="p">Suite.</subfield>
  </datafield>
  <datafield tag="710" ind1="2" ind2="0">
    <subfield code="a">Belaruskae tėlebachanne i radyi͡o.</subfield>
    <subfield code="b">Orkestr.</subfield>
    <subfield code="4">prf</subfield>
  </datafield>
  <datafield tag="998" ind1=" " ind2=" ">
    <subfield code="a">1/31/1995</subfield>
    <subfield code="c">1/31/1995</subfield>
  </datafield>
  <datafield tag="596" ind1=" " ind2=" ">
    <subfield code="a">46</subfield>
  </datafield>
  <datafield tag="999" ind1=" " ind2=" ">
    <subfield code="a">M1001 .H665 no.5</subfield>
    <subfield code="w">LC</subfield>
    <subfield code="c">1</subfield>
    <subfield code="i">30000044788622</subfield>
    <subfield code="d">2/19/2000</subfield>
    <subfield code="l">_SBCDCD</subfield>
    <subfield code="m">SBEND</subfield>
    <subfield code="n">1</subfield>
    <subfield code="r">Y</subfield>
    <subfield code="s">Y</subfield>
    <subfield code="t">DAY07</subfield>
    <subfield code="u">11/6/2000</subfield>
    <subfield code="z">CD</subfield>
    <subfield code="o">.STAFF.  92-35-0106</subfield>
    <subfield code="o">.STAFF.  Includes 1 insert</subfield>
  </datafield>
</record>