
 </collection>]]>
            </content>
            <additionalAttributes>
                <dateEntered>12-12-2-2010</dateEntered>
                <lastUpdated>12-11-2011</lastUpdated>
                <fastAddFlag>true</fastAddFlag>
                <supressFromPublic>false</supressFromPublic>
                <harvestable>false</harvestable>
                <status>n</status>
            </additionalAttributes>
            <linkedIngestDocuments></linkedIngestDocuments>
        </ingestDocument>
        <ingestDocument id="68" category="work" type="bibliographic" format="marc">
            <content><![CDATA[
<collection xmlns="http://www.loc.gov/MARC21/slim">
<record>
  <leader>00888cam a2200289   45 0</leader>
  <controlfield tag="001">593086</controlfield>
  <controlfield tag="003">InU</controlfield>
  <controlfield tag="008">740426s1959    nyua          00000deng  </controlfield>
  <datafield tag="010" ind1=" " ind2=" ">
    <subfield code="a">   59011352 /L</subfield>
  </datafield>
  <datafield tag="035" ind1=" " ind2=" ">
    <subfield code="a">(InU)AFB8004BB</subfield>
  </datafield>
  <datafield tag="035" ind1=" " ind2=" ">
    <subfield code="a">(OCoLC)ocm00870673</subfield>
  </datafield>
  <datafield tag="035" ind1=" " ind2=" ">
    <subfield code="9">(BW)BFG8804</subfield>
  </datafield>
  <datafield tag="040" ind1=" " ind2=" ">
    <subfield code="a">DLC</subfield>
    <subfield code="c">HRM</subfield>
    <subfield code="d">m.c.</subfield>
    <subfield code="d">SER</subfield>
    <subfield code="d">OCL</subfield>
    <subfield code="d">IUB</subfield>
  </datafield>
  <datafield tag="049" ind1=" " ind2=" ">
    <subfield code="a">IUBA</subfield>
  </datafield>
  <datafield tag="082" ind1=" " ind2=" ">
    <subfield code="a">347.9973</subfield>
  </datafield>
  <datafield tag="090" ind1=" " ind2=" ">
    <subfield code="a">JK1519.M49</subfield>
    <subfield code="b">A3</subfield>
    <subfield code="m">IUBA</subfield>
  </datafield>
  <datafield tag="100" ind1="1" ind2="0">
    <subfield code="a">Medina, Harold R.</subfield>
    <subfield code="q">(Harold Raymond),</subfield>
    <subfield code="d">1888-1990</subfield>
  </datafield>
  <datafield tag="245" ind1="1" ind2="4">
    <subfield code="a">The anatomy of freedom.</subfield>
    <subfield code="c">Edited by C. Waller Barrett.</subfield>
  </datafield>
  <datafield tag="260" ind1="0" ind2=" ">
    <subfield code="a">New York,</subfield>
    <subfield code="b">Holt</subfield>
    <subfield code="c">[1959]</subfield>
  </datafield>
  <datafield tag="300" ind1=" " ind2=" ">
    <subfield code="a">x, 178 p.</subfield>
    <subfield code="b">illus.</subfield>
    <subfield code="c">22 cm.</subfield>
  </datafield>
  <datafield tag="500" ind1=" " ind2=" ">
    <subfield code="a">Essays.</subfield>
  </datafield>
  <datafield tag="591" ind1=" " ind2=" ">
    <subfield code="a"></subfield>
  </datafield>
  <datafield tag="650" ind1=" " ind2="0">
    <subfield code="a">Judges</subfield>
    <subfield code="z">United States</subfield>
    <subfield code="x">Biography.</subfield>
  </datafield>
  <datafield tag="998" ind1=" " ind2=" ">
    <subfield code="a">1/31/1995</subfield>
    <subfield code="c">1/31/1995</subfield>
  </datafield>
  <datafield tag="596" ind1=" " ind2=" ">
    <subfield code="a">5</subfield>
  </datafield>
  <datafield tag="593" ind1=" " ind2=" ">
    <subfield code="a">B-MAIN</subfield>
    <subfield code="b">_RCSTACKS</subfield>
    <subfield code="c">JK 001519 .M49  A3</subfield>
    <subfield code="h">SELECTED</subfield>
    <subfield code="i">1</subfield>
  </datafield>
  <datafield tag="999" ind1=" " ind2=" ">
    <subfield code="a">JK1519.M49 A3</subfield>
    <subfield code="w">LC</subfield>
    <subfield code="c">1</subfield>
    <subfield code="i">30000098530052</subfield>
    <subfield code="l">_ALF</subfield>
    <subfield code="m">B-ALF</subfield>
    <subfield code="r">Y</subfield>
    <subfield code="s">Y</subfield>
    <subfield code="t">NORMAL</subfield>
    <subfield code="u">11/6/2000</subfield>
  </datafield>
</record>