
 </collection>]]>
            </content>
            <additionalAttributes>
                <dateEntered>12-12-2-2010</dateEntered>
                <lastUpdated>12-11-2011</lastUpdated>
                <fastAddFlag>true</fastAddFlag>
                <supressFromPublic>false</supressFromPublic>
                <harvestable>false</harvestable>
                <status>n</status>
            </additionalAttributes>
            <linkedIngestDocuments></linkedIngestDocuments>
        </ingestDocument>
        <ingestDocument id="75" category="work" type="bibliographic" format="marc">
            <content><![CDATA[
<collection xmlns="http://www.loc.gov/MARC21/slim">
<record>
  <leader>02677cam a2200469 a 45 0</leader>
  <controlfield tag="001">593101</controlfield>
  <controlfield tag="003">InU</controlfield>
  <controlfield tag="008">890329s1874    fr            00011 fre d</controlfield>
  <datafield tag="010" ind1=" " ind2=" ">
    <subfield code="a">   12021512</subfield>
  </datafield>
  <datafield tag="035" ind1=" " ind2=" ">
    <subfield code="a">(InU)AFB8039BY</subfield>
  </datafield>
  <datafield tag="035" ind1=" " ind2=" ">
    <subfield code="a">(OCoLC)ocm23403143</subfield>
  </datafield>
  <datafield tag="040" ind1=" " ind2=" ">
    <subfield code="a">EYM</subfield>
    <subfield code="c">EYM</subfield>
  </datafield>
  <datafield tag="043" ind1=" " ind2=" ">
    <subfield code="a">e-fr---</subfield>
  </datafield>
  <datafield tag="090" ind1=" " ind2=" ">
    <subfield code="a">PQ2289</subfield>
    <subfield code="b">.Q3</subfield>
  </datafield>
  <datafield tag="100" ind1="1" ind2=" ">
    <subfield code="a">Hugo, Victor,</subfield>
    <subfield code="d">1802-1885.</subfield>
  </datafield>
  <datafield tag="245" ind1="1" ind2="0">
    <subfield code="a">Quatrevingt-treize :</subfield>
    <subfield code="b">premier récit -- La guerre civile /</subfield>
    <subfield code="c">Victor Hugo.</subfield>
  </datafield>
  <datafield tag="250" ind1=" " ind2=" ">
    <subfield code="a">Éd. originale.</subfield>
  </datafield>
  <datafield tag="260" ind1=" " ind2=" ">
    <subfield code="a">Paris :</subfield>
    <subfield code="b">Michel Lévy Frères,</subfield>
    <subfield code="c">1874.</subfield>
  </datafield>
  <datafield tag="300" ind1=" " ind2=" ">
    <subfield code="a">3 v. ;</subfield>
    <subfield code="c">26 cm.</subfield>
  </datafield>
  <datafield tag="500" ind1=" " ind2=" ">
    <subfield code="a">Author's name at head of title.</subfield>
  </datafield>
  <datafield tag="500" ind1=" " ind2=" ">
    <subfield code="a">"Il a été tiré ... 80 exemplaires numérotés, savoir: 50 exemplaires sur papier de Hollande; 15 -- sur papier de Chine; 15 -- sur papier Whatman." -- vol. 1, copy 1, verso of half title.</subfield>
  </datafield>
  <datafield tag="510" ind1="4" ind2=" ">
    <subfield code="a">Talvart &amp; Place.  Auteurs modernes,</subfield>
    <subfield code="c">9:47-48, no. 78</subfield>
  </datafield>
  <datafield tag="510" ind1="4" ind2=" ">
    <subfield code="a">Vicaire, G.  Livres du 19. s.,</subfield>
    <subfield code="c">IV, 351</subfield>
  </datafield>
  <datafield tag="510" ind1="4" ind2=" ">
    <subfield code="a">Carteret, L.  Trésor, 1801-1875,</subfield>
    <subfield code="c">424-425</subfield>
  </datafield>
  <datafield tag="500" ind1=" " ind2=" ">
    <subfield code="a">Publisher's ads, p. [4] of original wrappers.</subfield>
  </datafield>
  <datafield tag="590" ind1=" " ind2=" ">
    <subfield code="a">Copy 1 is no. 48 on Hollande; copy 2 is on ordinary paper.</subfield>
  </datafield>
  <datafield tag="590" ind1=" " ind2=" ">
    <subfield code="a">ALS by the author in copy 2, removed to Manuscripts Dept.</subfield>
  </datafield>
  <datafield tag="590" ind1=" " ind2=" ">
    <subfield code="a">Copy 2, presentation copy signed by the author (half title perforated, inscription lost).</subfield>
  </datafield>
  <datafield tag="590" ind1=" " ind2=" ">
    <subfield code="a">Copy 2, from the library of Renée Riese and Judd D. Hubert.</subfield>
  </datafield>
  <datafield tag="590" ind1=" " ind2=" ">
    <subfield code="a">Copy 1, bound in half brown morocco and marbled boards; marbled endpapers; original printed blue wrappers retained; spines blocked and lettered in gold, top edges gilt, fore and bottom edges untrimmed. Copy 2, bound in quarter green morocco and marbled boards; marbled endpapers; original printed blue/green wrappers retained; spines lettered in gold, top edges gilt, fore and botton edges untrimmed.</subfield>
  </datafield>
  <datafield tag="591" ind1=" " ind2=" ">
    <subfield code="a"></subfield>
  </datafield>
  <datafield tag="651" ind1=" " ind2="0">
    <subfield code="a">France</subfield>
    <subfield code="x">History</subfield>
    <subfield code="y">Revolution, 1789-1799</subfield>
    <subfield code="x">Fiction.</subfield>
  </datafield>
  <datafield tag="655" ind1=" " ind2="7">
    <subfield code="a">Authors' presentation copies (Provenance)</subfield>
    <subfield code="z">France</subfield>
    <subfield code="y">19th century.</subfield>
    <subfield code="2">rbprov</subfield>
  </datafield>
  <datafield tag="740" ind1="0" ind2=" ">
    <subfield code="a">93.</subfield>
  </datafield>
  <datafield tag="998" ind1=" " ind2=" ">
    <subfield code="a">1/31/1995</subfield>
    <subfield code="b">3/24/1999</subfield>
    <subfield code="c">1/31/1995</subfield>
  </datafield>
  <datafield tag="596" ind1=" " ind2=" ">
    <subfield code="a">19</subfield>
  </datafield>
  <datafield tag="999" ind1=" " ind2=" ">
    <subfield code="a">PQ2289 .Q3 v. 1, c. 1</subfield>
    <subfield code="w">LC</subfield>
    <subfield code="c">1</subfield>
    <subfield code="i">30000037866153</subfield>
    <subfield code="l">_LILLSTKS</subfield>
    <subfield code="m">B-LILLY</subfield>
    <subfield code="r">Y</subfield>
    <subfield code="s">Y</subfield>
    <subfield code="t">NORMAL</subfield>
    <subfield code="u">11/6/2000</subfield>
  </datafield>
  <datafield tag="999" ind1=" " ind2=" ">
    <subfield code="a">PQ2289 .Q3 v. 2, c. 1</subfield>
    <subfield code="w">LC</subfield>
    <subfield code="c">1</subfield>
    <subfield code="i">30000037866146</subfield>
    <subfield code="l">_LILLSTKS</subfield>
    <subfield code="m">B-LILLY</subfield>
    <subfield code="r">Y</subfield>
    <subfield code="s">Y</subfield>
    <subfield code="t">NORMAL</subfield>
    <subfield code="u">11/6/2000</subfield>
  </datafield>
  <datafield tag="999" ind1=" " ind2=" ">
    <subfield code="a">PQ2289 .Q3 v. 3, c. 1</subfield>
    <subfield code="w">LC</subfield>
    <subfield code="c">1</subfield>
    <subfield code="i">30000037866138</subfield>
    <subfield code="l">_LILLSTKS</subfield>
    <subfield code="m">B-LILLY</subfield>
    <subfield code="r">Y</subfield>
    <subfield code="s">Y</subfield>
    <subfield code="t">NORMAL</subfield>
    <subfield code="u">11/6/2000</subfield>
  </datafield>
  <datafield tag="999" ind1=" " ind2=" ">
    <subfield code="a">PQ2289 .Q3 v. 1, c. 2</subfield>
    <subfield code="w">LC</subfield>
    <subfield code="c">1</subfield>
    <subfield code="i">30000037866120</subfield>
    <subfield code="l">_LILLSTKS</subfield>
    <subfield code="m">B-LILLY</subfield>
    <subfield code="r">Y</subfield>
    <subfield code="s">Y</subfield>
    <subfield code="t">NORMAL</subfield>
    <subfield code="u">11/6/2000</subfield>
  </datafield>
  <datafield tag="999" ind1=" " ind2=" ">
    <subfield code="a">PQ2289 .Q3 v. 2, c. 2</subfield>
    <subfield code="w">LC</subfield>
    <subfield code="c">1</subfield>
    <subfield code="i">30000037872102</subfield>
    <subfield code="l">_LILLSTKS</subfield>
    <subfield code="m">B-LILLY</subfield>
    <subfield code="r">Y</subfield>
    <subfield code="s">Y</subfield>
    <subfield code="t">NORMAL</subfield>
    <subfield code="u">11/6/2000</subfield>
  </datafield>
  <datafield tag="999" ind1=" " ind2=" ">
    <subfield code="a">PQ2289 .Q3 v. 3, c. 2</subfield>
    <subfield code="w">LC</subfield>
    <subfield code="c">1</subfield>
    <subfield code="i">30000037866104</subfield>
    <subfield code="l">_LILLSTKS</subfield>
    <subfield code="m">B-LILLY</subfield>
    <subfield code="r">Y</subfield>
    <subfield code="s">Y</subfield>
    <subfield code="t">NORMAL</subfield>
    <subfield code="u">11/6/2000</subfield>
  </datafield>
</record>