
 </collection>]]>
            </content>
            <additionalAttributes>
                <dateEntered>12-12-2-2010</dateEntered>
                <lastUpdated>12-11-2011</lastUpdated>
                <fastAddFlag>true</fastAddFlag>
                <supressFromPublic>false</supressFromPublic>
                <harvestable>false</harvestable>
                <status>n</status>
            </additionalAttributes>
            <linkedIngestDocuments></linkedIngestDocuments>
        </ingestDocument>
        <ingestDocument id="100" category="work" type="bibliographic" format="marc">
            <content><![CDATA[
<collection xmlns="http://www.loc.gov/MARC21/slim">
<record>
  <leader>01745cas a2200385 a 45 0</leader>
  <controlfield tag="001">59315</controlfield>
  <controlfield tag="003">InU</controlfield>
  <controlfield tag="008">830520d18191836aruwr ne      0uuua0eng  </controlfield>
  <datafield tag="010" ind1=" " ind2=" ">
    <subfield code="a">sn 82016482</subfield>
  </datafield>
  <datafield tag="035" ind1=" " ind2=" ">
    <subfield code="a">(InU)AAT8247BB</subfield>
  </datafield>
  <datafield tag="035" ind1=" " ind2=" ">
    <subfield code="a">(OCoLC)ocm09528641</subfield>
  </datafield>
  <datafield tag="040" ind1=" " ind2=" ">
    <subfield code="a">DLC</subfield>
    <subfield code="c">DLC</subfield>
    <subfield code="d">NPX</subfield>
    <subfield code="d">NPU</subfield>
    <subfield code="d">DLC</subfield>
    <subfield code="d">PPM</subfield>
    <subfield code="d">DLC</subfield>
    <subfield code="d">ANU</subfield>
    <subfield code="d">DLC</subfield>
    <subfield code="d">YOX</subfield>
    <subfield code="d">KNP</subfield>
    <subfield code="d">ANU</subfield>
    <subfield code="d">YOX</subfield>
    <subfield code="d">CNK</subfield>
    <subfield code="d">NVK</subfield>
    <subfield code="d">TGN</subfield>
    <subfield code="d">OBN</subfield>
    <subfield code="d">CVF</subfield>
  </datafield>
  <datafield tag="042" ind1=" " ind2=" ">
    <subfield code="a">lcd</subfield>
  </datafield>
  <datafield tag="050" ind1="0" ind2="0">
    <subfield code="a">Newspaper</subfield>
  </datafield>
  <datafield tag="130" ind1="0" ind2=" ">
    <subfield code="a">Arkansas gazette (Arkansas Post, Ark. : 1819)</subfield>
  </datafield>
  <datafield tag="245" ind1="0" ind2="4">
    <subfield code="a">The Arkansas gazette.</subfield>
  </datafield>
  <datafield tag="260" ind1=" " ind2=" ">
    <subfield code="a">Arkansas Post, Ark. Ter. :</subfield>
    <subfield code="b">W. Woodruff,</subfield>
    <subfield code="c">1819-1836.</subfield>
  </datafield>
  <datafield tag="300" ind1=" " ind2=" ">
    <subfield code="a">v.</subfield>
  </datafield>
  <datafield tag="310" ind1=" " ind2=" ">
    <subfield code="a">Weekly</subfield>
  </datafield>
  <datafield tag="362" ind1="0" ind2=" ">
    <subfield code="a">Vol. 1, no. 1 (Nov. 20, 1819)-v. 17, no. 42 (Oct. 4, 1836) = Whole no. 53-whole no. 1043.</subfield>
  </datafield>
  <datafield tag="500" ind1=" " ind2=" ">
    <subfield code="a">Published at Little Rock, Ark., Dec. 29, 1821-1836.</subfield>
  </datafield>
  <datafield tag="515" ind1=" " ind2=" ">
    <subfield code="a">Suspended from Dec. 1-22, 1821, Jan. 28-Feb. 4, 1822.</subfield>
  </datafield>
  <datafield tag="515" ind1=" " ind2=" ">
    <subfield code="a">Issued on half sheet, &lt;Jan. 7-21,&gt; 1822; &lt;July 3-Aug. 26,&gt; Dec. 9,  1823.</subfield>
  </datafield>
  <datafield tag="530" ind1=" " ind2=" ">
    <subfield code="a">Available on microfilm from the Library of Congress Photoduplication Service, and Readex Microprint Corp.</subfield>
  </datafield>
  <datafield tag="591" ind1=" " ind2=" ">
    <subfield code="a"></subfield>
  </datafield>
  <datafield tag="651" ind1=" " ind2="0">
    <subfield code="a">Little Rock (Ark.)</subfield>
    <subfield code="x">Newspapers.</subfield>
  </datafield>
  <datafield tag="651" ind1=" " ind2="0">
    <subfield code="a">Arkansas Post (Ark.)</subfield>
    <subfield code="x">Newspapers.</subfield>
  </datafield>
  <datafield tag="651" ind1=" " ind2="0">
    <subfield code="a">Pulaski County (Ark.)</subfield>
    <subfield code="x">Newspapers.</subfield>
  </datafield>
  <datafield tag="752" ind1=" " ind2=" ">
    <subfield code="a">United States</subfield>
    <subfield code="b">Arkansas</subfield>
    <subfield code="c">Arkansas</subfield>
    <subfield code="d">Arkansas Post.</subfield>
  </datafield>
  <datafield tag="785" ind1="0" ind2="0">
    <subfield code="t">Arkansas State gazette (Little Rock, Ark. : 1836)</subfield>
    <subfield code="w">(DLC)sn 82016481</subfield>
    <subfield code="w">(OCoLC)9528259</subfield>
  </datafield>
  <datafield tag="998" ind1=" " ind2=" ">
    <subfield code="a">8/10/1990</subfield>
    <subfield code="b">4/1/1999</subfield>
    <subfield code="c">8/10/1990</subfield>
  </datafield>
  <datafield tag="596" ind1=" " ind2=" ">
    <subfield code="a">1</subfield>
  </datafield>
  <datafield tag="999" ind1=" " ind2=" ">
    <subfield code="a">AN2.A72 A74 1819-1820</subfield>
    <subfield code="w">LC</subfield>
    <subfield code="c">1</subfield>
    <subfield code="i">30000002939423</subfield>
    <subfield code="l">_MFMFLM</subfield>
    <subfield code="m">B-WELLS</subfield>
    <subfield code="r">Y</subfield>
    <subfield code="s">Y</subfield>
    <subfield code="t">NORMAL</subfield>
    <subfield code="u">11/4/2000</subfield>
  </datafield>
  <datafield tag="999" ind1=" " ind2=" ">
    <subfield code="a">AN2.A72 A74 1821</subfield>
    <subfield code="w">LC</subfield>
    <subfield code="c">1</subfield>
    <subfield code="i">30000009925524</subfield>
    <subfield code="l">_MFMFLM</subfield>
    <subfield code="m">B-WELLS</subfield>
    <subfield code="r">Y</subfield>
    <subfield code="s">Y</subfield>
    <subfield code="t">NORMAL</subfield>
    <subfield code="u">11/4/2000</subfield>
  </datafield>
  <datafield tag="999" ind1=" " ind2=" ">
    <subfield code="a">AN2.A72 A74 1821 Dec. 29-1822 Dec. 31</subfield>
    <subfield code="w">LC</subfield>
    <subfield code="c">1</subfield>
    <subfield code="i">30000026424477</subfield>
    <subfield code="l">_MFMFLM</subfield>
    <subfield code="m">B-WELLS</subfield>
    <subfield code="r">Y</subfield>
    <subfield code="s">Y</subfield>
    <subfield code="t">NORMAL</subfield>
    <subfield code="u">11/4/2000</subfield>
  </datafield>
</record>
 </collection>]]>
            </content>
            <additionalAttributes>
                <dateEntered>12-12-2-2010</dateEntered>
                <lastUpdated>12-11-2011</lastUpdated>
                <fastAddFlag>true</fastAddFlag>
                <supressFromPublic>false</supressFromPublic>
                <harvestable>false</harvestable>
                <status>n</status>
            </additionalAttributes>
            <linkedIngestDocuments></linkedIngestDocuments>
        </ingestDocument>
    </requestDocuments>
</request>
